@article{Ladutenko-Svidetelstvo-2014,
title={{Реализация алгоритма стохастической оптимизации методом дифференциальной эволюции для
численного исследования металло-диэлектрических наноструктур и метаматериалов}},
journal={{бюллетень Федеральной службы по интеллектуальной собственности (Роспатент) <<Программы для ЭВМ. Базы данных. Топологии интегральных микросхем>>}},
author={{К.C. Ладутенко}},
year={20.02.2014},
pages={{RU 2014611568}},
 language = {russian},
}
