@inproceedings{DD-14,
  author = {Ladutenko, K. and Pe\~{n}a-Rodr\'{i}guez, O. and Melchakova, I. and Yagupov, I. and Belov, P.},
  title = {Sphere cloaking using thin all-dielectric multilayer
                  coatings designed by stochastic optimizer},
  booktitle = {Days on Diffraction},
  year = {2014},
  language = "english",
}

@inproceedings{DD-16,
  author = {Ladutenko, K. and Belov, P. and Pe\~{n}a-Rodr\'{i}guez, O. and  Mirzaei, A. and Miroshnichenko, A.E. and Shadrivov, I.V.},
  title = {Efficient absorption of light by nanoparticles designed by a
  stochastic optimizer},
  booktitle = {Days on Diffraction},
  year = {2016},
  language = "english",
}

@inproceedings{MW-14,
  author = {К.С. Ладутенко and Ovidio Peña Rodríguez and
                  И.В. Мельчакова and И.В. Ягупов and П.А. Белов},
  title = {Разработка тонких многослойных диэлектрических маскирующих
покрытий с помощью стохастического оптимизатора},
  booktitle = {Электроника и микроэлектроника СВЧ},
  year = {2014},
  pages = {{285}},
  language = {russian},
}

